<?xml version="1.0" encoding="UTF-8"?><collection xmlns="http://www.loc.gov/MARC21/slim"><record><leader>00385nam--2200121-i-4500</leader><controlfield tag="001">000044607</controlfield><controlfield tag="002">20161230</controlfield><controlfield tag="005">20161230201044</controlfield><controlfield tag="008">060222s1000------------r-----000-0-eng-d</controlfield><datafield ind1=" " ind2=" " tag="100"><subfield code="a">Thiel, Alfons</subfield></datafield><datafield ind1=" " ind2=" " tag="245"><subfield code="a">Principles of vacuum forming. trans.by l.a.h.eastman. edited for the englis edition by b.s.glyde and e.a.warwicker</subfield></datafield><datafield ind1=" " ind2=" " tag="260"><subfield code="a">London, Iliffe Books Ltd., 1965, 71p</subfield></datafield><datafield ind1=" " ind2=" " tag="852"><subfield code="a">21776</subfield></datafield></record></collection>